%YAML 1.1
%TAG !u! tag:unity3d.com,2011:
--- !u!1 &5985799248671516900
GameObject:
  m_ObjectHideFlags: 0
  m_CorrespondingSourceObject: {fileID: 0}
  m_PrefabInstance: {fileID: 0}
  m_PrefabAsset: {fileID: 0}
  serializedVersion: 6
  m_Component:
  - component: {fileID: 5985799248671290560}
  - component: {fileID: 5985799248666315650}
  - component: {fileID: 5985799248658279234}
  m_Layer: 0
  m_Name: Player2
  m_TagString: Untagged
  m_Icon: {fileID: 0}
  m_NavMeshLayer: 0
  m_StaticEditorFlags: 0
  m_IsActive: 1
--- !u!4 &5985799248671290560
Transform:
  m_ObjectHideFlags: 0
  m_CorrespondingSourceObject: {fileID: 0}
  m_PrefabInstance: {fileID: 0}
  m_PrefabAsset: {fileID: 0}
  m_GameObject: {fileID: 5985799248671516900}
  m_LocalRotation: {x: 0, y: 1, z: 0, w: -0.00000016292068}
  m_LocalPosition: {x: 10.318995, y: 1.84, z: -21.856998}
  m_LocalScale: {x: 1, y: 1, z: 1}
  m_Children:
  - {fileID: 5985799248671290562}
  m_Father: {fileID: 0}
  m_RootOrder: 0
  m_LocalEulerAnglesHint: {x: 0, y: 0, z: 0}
--- !u!54 &5985799248666315650
Rigidbody:
  m_ObjectHideFlags: 0
  m_CorrespondingSourceObject: {fileID: 0}
  m_PrefabInstance: {fileID: 0}
  m_PrefabAsset: {fileID: 0}
  m_GameObject: {fileID: 5985799248671516900}
  serializedVersion: 2
  m_Mass: 10
  m_Drag: 0
  m_AngularDrag: 0.05
  m_UseGravity: 1
  m_IsKinematic: 0
  m_Interpolate: 0
  m_Constraints: 112
  m_CollisionDetection: 0
--- !u!136 &5985799248658279234
CapsuleCollider:
  m_ObjectHideFlags: 0
  m_CorrespondingSourceObject: {fileID: 0}
  m_PrefabInstance: {fileID: 0}
  m_PrefabAsset: {fileID: 0}
  m_GameObject: {fileID: 5985799248671516900}
  m_Material: {fileID: 13400000, guid: c2815a7ab32e42c4bb42f59caacb8ec1, type: 2}
  m_IsTrigger: 0
  m_Enabled: 1
  m_Radius: 0.5
  m_Height: 1.6
  m_Direction: 1
  m_Center: {x: 0, y: 0, z: 0}
--- !u!1 &5985799248671516902
GameObject:
  m_ObjectHideFlags: 0
  m_CorrespondingSourceObject: {fileID: 0}
  m_PrefabInstance: {fileID: 0}
  m_PrefabAsset: {fileID: 0}
  serializedVersion: 6
  m_Component:
  - component: {fileID: 5985799248671290562}
  - component: {fileID: 5985799248669747906}
  - component: {fileID: 5985799248667981538}
  - component: {fileID: 5985799248664452356}
  - component: {fileID: 5985799248663376010}
  m_Layer: 0
  m_Name: MainCamera
  m_TagString: MainCamera
  m_Icon: {fileID: 0}
  m_NavMeshLayer: 0
  m_StaticEditorFlags: 0
  m_IsActive: 1
--- !u!4 &5985799248671290562
Transform:
  m_ObjectHideFlags: 0
  m_CorrespondingSourceObject: {fileID: 0}
  m_PrefabInstance: {fileID: 0}
  m_PrefabAsset: {fileID: 0}
  m_GameObject: {fileID: 5985799248671516902}
  m_LocalRotation: {x: 0, y: 0, z: 0, w: 1}
  m_LocalPosition: {x: 0, y: 0.6, z: 0}
  m_LocalScale: {x: 1, y: 1, z: 1}
  m_Children:
  - {fileID: 7175385168963941053}
  m_Father: {fileID: 5985799248671290560}
  m_RootOrder: 0
  m_LocalEulerAnglesHint: {x: 0, y: 0, z: 0}
--- !u!20 &5985799248669747906
Camera:
  m_ObjectHideFlags: 0
  m_CorrespondingSourceObject: {fileID: 0}
  m_PrefabInstance: {fileID: 0}
  m_PrefabAsset: {fileID: 0}
  m_GameObject: {fileID: 5985799248671516902}
  m_Enabled: 1
  serializedVersion: 2
  m_ClearFlags: 1
  m_BackGroundColor: {r: 0.19215687, g: 0.3019608, b: 0.4745098, a: 0.019607844}
  m_projectionMatrixMode: 1
  m_GateFitMode: 2
  m_FOVAxisMode: 0
  m_SensorSize: {x: 36, y: 24}
  m_LensShift: {x: 0, y: 0}
  m_FocalLength: 50
  m_NormalizedViewPortRect:
    serializedVersion: 2
    x: 0
    y: 0
    width: 1
    height: 1
  near clip plane: 0.3
  far clip plane: 1000
  field of view: 60
  orthographic: 0
  orthographic size: 5
  m_Depth: 0
  m_CullingMask:
    serializedVersion: 2
    m_Bits: 4294967295
  m_RenderingPath: -1
  m_TargetTexture: {fileID: 0}
  m_TargetDisplay: 0
  m_TargetEye: 3
  m_HDR: 0
  m_AllowMSAA: 1
  m_AllowDynamicResolution: 0
  m_ForceIntoRT: 0
  m_OcclusionCulling: 1
  m_StereoConvergence: 10
  m_StereoSeparation: 0.022
--- !u!81 &5985799248667981538
AudioListener:
  m_ObjectHideFlags: 0
  m_CorrespondingSourceObject: {fileID: 0}
  m_PrefabInstance: {fileID: 0}
  m_PrefabAsset: {fileID: 0}
  m_GameObject: {fileID: 5985799248671516902}
  m_Enabled: 1
--- !u!114 &5985799248664452356
MonoBehaviour:
  m_ObjectHideFlags: 0
  m_CorrespondingSourceObject: {fileID: 0}
  m_PrefabInstance: {fileID: 0}
  m_PrefabAsset: {fileID: 0}
  m_GameObject: {fileID: 5985799248671516902}
  m_Enabled: 1
  m_EditorHideFlags: 0
  m_Script: {fileID: 11500000, guid: 83c81407209f85e4c87c0cda8b32868e, type: 3}
  m_Name: 
  m_EditorClassIdentifier: 
  Camera: {fileID: 5985799248669747906}
  motionBob:
    HorizontalBobRange: 0.1
    VerticalBobRange: 0.05
    Bobcurve:
      serializedVersion: 2
      m_Curve:
      - serializedVersion: 3
        time: 0
        value: 0
        inSlope: 0
        outSlope: 0
        tangentMode: 0
        weightedMode: 0
        inWeight: 0.33333334
        outWeight: 0.33333334
      - serializedVersion: 3
        time: 0.5
        value: 1
        inSlope: 0
        outSlope: 0
        tangentMode: 0
        weightedMode: 0
        inWeight: 0.33333334
        outWeight: 0.33333334
      - serializedVersion: 3
        time: 1
        value: 0
        inSlope: 0
        outSlope: 0
        tangentMode: 0
        weightedMode: 0
        inWeight: 0.33333334
        outWeight: 0.33333334
      - serializedVersion: 3
        time: 1.5
        value: -1
        inSlope: 0
        outSlope: 0
        tangentMode: 0
        weightedMode: 0
        inWeight: 0.33333334
        outWeight: 0.33333334
      - serializedVersion: 3
        time: 2
        value: 0
        inSlope: 0
        outSlope: 0
        tangentMode: 0
        weightedMode: 0
        inWeight: 0.33333334
        outWeight: 0.33333334
      m_PreInfinity: 2
      m_PostInfinity: 2
      m_RotationOrder: 4
    VerticaltoHorizontalRatio: 2
  jumpAndLandingBob:
    BobDuration: 0.15
    BobAmount: 0.2
  rigidbodyFirstPersonController: {fileID: 0}
  StrideInterval: 4
  RunningStrideLengthen: 0.722
--- !u!124 &5985799248663376010
Behaviour:
  m_ObjectHideFlags: 0
  m_CorrespondingSourceObject: {fileID: 0}
  m_PrefabInstance: {fileID: 0}
  m_PrefabAsset: {fileID: 0}
  m_GameObject: {fileID: 5985799248671516902}
  m_Enabled: 1
--- !u!114 &7468484435898173872
MonoBehaviour:
  m_ObjectHideFlags: 0
  m_CorrespondingSourceObject: {fileID: 0}
  m_PrefabInstance: {fileID: 0}
  m_PrefabAsset: {fileID: 0}
  m_GameObject: {fileID: 7178232438265271029}
  m_Enabled: 1
  m_EditorHideFlags: 0
  m_Script: {fileID: 11500000, guid: 7d3a458dfbed8ef41a4c5dd2272dd060, type: 3}
  m_Name: 
  m_EditorClassIdentifier: 
  FPCamera: {fileID: 5985799248669747906}
  range: 5
  damage: 10
--- !u!1001 &7177154074129774611
PrefabInstance:
  m_ObjectHideFlags: 0
  serializedVersion: 2
  m_Modification:
    m_TransformParent: {fileID: 5985799248671290562}
    m_Modifications:
    - target: {fileID: 1244390726855398, guid: 392a05bd229c33043ae112a856120172, type: 3}
      propertyPath: m_Name
      value: SciFiHandGun
      objectReference: {fileID: 0}
    - target: {fileID: 4021266016307886, guid: 392a05bd229c33043ae112a856120172, type: 3}
      propertyPath: m_LocalPosition.x
      value: 0
      objectReference: {fileID: 0}
    - target: {fileID: 4021266016307886, guid: 392a05bd229c33043ae112a856120172, type: 3}
      propertyPath: m_LocalPosition.y
      value: -0.1500001
      objectReference: {fileID: 0}
    - target: {fileID: 4021266016307886, guid: 392a05bd229c33043ae112a856120172, type: 3}
      propertyPath: m_LocalPosition.z
      value: 0.49300194
      objectReference: {fileID: 0}
    - target: {fileID: 4021266016307886, guid: 392a05bd229c33043ae112a856120172, type: 3}
      propertyPath: m_LocalRotation.x
      value: -0.024525931
      objectReference: {fileID: 0}
    - target: {fileID: 4021266016307886, guid: 392a05bd229c33043ae112a856120172, type: 3}
      propertyPath: m_LocalRotation.y
      value: 0.08095702
      objectReference: {fileID: 0}
    - target: {fileID: 4021266016307886, guid: 392a05bd229c33043ae112a856120172, type: 3}
      propertyPath: m_LocalRotation.z
      value: 0.0019926925
      objectReference: {fileID: 0}
    - target: {fileID: 4021266016307886, guid: 392a05bd229c33043ae112a856120172, type: 3}
      propertyPath: m_LocalRotation.w
      value: 0.9964138
      objectReference: {fileID: 0}
    - target: {fileID: 4021266016307886, guid: 392a05bd229c33043ae112a856120172, type: 3}
      propertyPath: m_RootOrder
      value: 0
      objectReference: {fileID: 0}
    - target: {fileID: 4021266016307886, guid: 392a05bd229c33043ae112a856120172, type: 3}
      propertyPath: m_LocalEulerAnglesHint.x
      value: -2.82
      objectReference: {fileID: 0}
    - target: {fileID: 4021266016307886, guid: 392a05bd229c33043ae112a856120172, type: 3}
      propertyPath: m_LocalEulerAnglesHint.y
      value: 189.29
      objectReference: {fileID: 0}
    - target: {fileID: 4021266016307886, guid: 392a05bd229c33043ae112a856120172, type: 3}
      propertyPath: m_LocalEulerAnglesHint.z
      value: 0
      objectReference: {fileID: 0}
    m_RemovedComponents: []
  m_SourcePrefab: {fileID: 100100000, guid: 392a05bd229c33043ae112a856120172, type: 3}
--- !u!1 &7178232438265271029 stripped
GameObject:
  m_CorrespondingSourceObject: {fileID: 1244390726855398, guid: 392a05bd229c33043ae112a856120172,
    type: 3}
  m_PrefabInstance: {fileID: 7177154074129774611}
  m_PrefabAsset: {fileID: 0}
--- !u!4 &7175385168963941053 stripped
Transform:
  m_CorrespondingSourceObject: {fileID: 4021266016307886, guid: 392a05bd229c33043ae112a856120172,
    type: 3}
  m_PrefabInstance: {fileID: 7177154074129774611}
  m_PrefabAsset: {fileID: 0}
